@article{Ryu:2015vwa,
      author         = "Ryu, S. and Paquet, J. -F. and Shen, C. and Denicol, G.
                        S. and Schenke, B. and Jeon, S. and Gale, C.",
      title          = "{Importance of the Bulk Viscosity of QCD in
                        Ultrarelativistic Heavy-Ion Collisions}",
      journal        = "Phys. Rev. Lett.",
      volume         = "115",
      year           = "2015",
      number         = "13",
      pages          = "132301",
      doi            = "10.1103/PhysRevLett.115.132301",
      eprint         = "1502.01675",
      archivePrefix  = "arXiv",
      primaryClass   = "nucl-th",
      SLACcitation   = "%%CITATION = ARXIV:1502.01675;%%"
}

@article{Mantysaari:2017cni,
      author         = "Mäntysaari, Heikki and Schenke, Björn and Shen, Chun
                        and Tribedy, Prithwish",
      title          = "{Imprints of fluctuating proton shapes on flow in
                        proton-lead collisions at the LHC}",
      journal        = "Phys. Lett.",
      volume         = "B772",
      year           = "2017",
      pages          = "681-686",
      doi            = "10.1016/j.physletb.2017.07.038",
      eprint         = "1705.03177",
      archivePrefix  = "arXiv",
      primaryClass   = "nucl-th",
      SLACcitation   = "%%CITATION = ARXIV:1705.03177;%%"
}


@book{Jeffreys:1961,  
  title="{The Theory of Probablity}",
  author="Harold Jeffreys",
  isbn={0198531931},
  series={The International series of monographs on physics},
  year={1961},
  edition={3rd ed},
  pages={432},
  publisher={Oxford}
}


@article{Gardim:2016nrr,
      author         = "Gardim, Fernando G. and Grassi, Frederique and Luzum,
                        Matthew and Noronha-Hostler, Jacquelyn",
      title          = "{Hydrodynamic Predictions for Mixed Harmonic Correlations
                        in 200 GeV Au+Au Collisions}",
      journal        = "Phys. Rev.",
      volume         = "C95",
      year           = "2017",
      number         = "3",
      pages          = "034901",
      doi            = "10.1103/PhysRevC.95.034901",
      eprint         = "1608.02982",
      archivePrefix  = "arXiv",
      primaryClass   = "nucl-th",
      SLACcitation   = "%%CITATION = ARXIV:1608.02982;%%"
}


@article{Zhu:2016puf,
      author         = "Zhu, Xiangrong and Zhou, You and Xu, Haojie and Song,
                        Huichao",
      title          = "{Correlations of flow harmonics in 2.76A TeV Pb--Pb
                        collisions}",
      journal        = "Phys. Rev.",
      volume         = "C95",
      year           = "2017",
      number         = "4",
      pages          = "044902",
      doi            = "10.1103/PhysRevC.95.044902",
      eprint         = "1608.05305",
      archivePrefix  = "arXiv",
      primaryClass   = "nucl-th",
      SLACcitation   = "%%CITATION = ARXIV:1608.05305;%%"
}

@article{Bzdak:2012tp,
      author         = "Bzdak, Adam and Teaney, Derek",
      title          = "{Longitudinal fluctuations of the fireball density in
                        heavy-ion collisions}",
      journal        = "Phys. Rev.",
      volume         = "C87",
      year           = "2013",
      number         = "2",
      pages          = "024906",
      doi            = "10.1103/PhysRevC.87.024906",
      eprint         = "1210.1965",
      archivePrefix  = "arXiv",
      primaryClass   = "nucl-th",
      reportNumber   = "RBRC-971",
      SLACcitation   = "%%CITATION = ARXIV:1210.1965;%%"
}

@article{Bilandzic:2013kga,
      author         = "Bilandzic, Ante and Christensen, Christian Holm and
                        Gulbrandsen, Kristjan and Hansen, Alexander and Zhou, You",
      title          = "{Generic framework for anisotropic flow analyses with
                        multiparticle azimuthal correlations}",
      journal        = "Phys. Rev.",
      volume         = "C89",
      year           = "2014",
      number         = "6",
      pages          = "064904",
      doi            = "10.1103/PhysRevC.89.064904",
      eprint         = "1312.3572",
      archivePrefix  = "arXiv",
      primaryClass   = "nucl-ex",
      SLACcitation   = "%%CITATION = ARXIV:1312.3572;%%"
}


@article{Niemi:2012aj,
      author         = "Niemi, H. and Denicol, G. S. and Holopainen, H. and
                        Huovinen, P.",
      title          = "{Event-by-event distributions of azimuthal asymmetries in
                        ultrarelativistic heavy-ion collisions}",
      journal        = "Phys. Rev.",
      volume         = "C87",
      year           = "2013",
      number         = "5",
      pages          = "054901",
      doi            = "10.1103/PhysRevC.87.054901",
      eprint         = "1212.1008",
      archivePrefix  = "arXiv",
      primaryClass   = "nucl-th",
      SLACcitation   = "%%CITATION = ARXIV:1212.1008;%%"
}

@ARTICLE{2014arXiv1403.6015A,
   author = {{Ambikasaran}, S. and {Foreman-Mackey}, D. and {Greengard}, L. and 
	{Hogg}, D.~W. and {O'Neil}, M.},
    title = "{Fast Direct Methods for Gaussian Processes}",
  journal = {ArXiv e-prints},
archivePrefix = "arXiv",
   eprint = {1403.6015},
 primaryClass = "math.NA",
 keywords = {Mathematics - Numerical Analysis, Astrophysics - Instrumentation and Methods for Astrophysics, Mathematics - Statistics Theory},
     year = 2014,
    month = mar,
   adsurl = {http://adsabs.harvard.edu/abs/2014arXiv1403.6015A},
  adsnote = {Provided by the SAO/NASA Astrophysics Data System}
}


@article{Jia:2014ysa,
      author         = "Jia, Jiangyong and Huo, Peng",
      title          = "{Forward-backward eccentricity and participant-plane
                        angle fluctuations and their influences on longitudinal
                        dynamics of collective flow}",
      journal        = "Phys. Rev.",
      volume         = "C90",
      year           = "2014",
      number         = "3",
      pages          = "034915",
      doi            = "10.1103/PhysRevC.90.034915",
      eprint         = "1403.6077",
      archivePrefix  = "arXiv",
      primaryClass   = "nucl-th",
      SLACcitation   = "%%CITATION = ARXIV:1403.6077;%%"
}

@article{Schukraft:2012ah,
      author         = "Schukraft, Jurgen and Timmins, Anthony and Voloshin,
                        Sergei A.",
      title          = "{Ultra-relativistic nuclear collisions: event shape
                        engineering}",
      journal        = "Phys. Lett.",
      volume         = "B719",
      year           = "2013",
      pages          = "394-398",
      doi            = "10.1016/j.physletb.2013.01.045",
      eprint         = "1208.4563",
      archivePrefix  = "arXiv",
      primaryClass   = "nucl-ex",
      SLACcitation   = "%%CITATION = ARXIV:1208.4563;%%"
}

@article{Aad:2015lwa,
      author         = "Aad, Georges and others",
      title          = "{Measurement of the correlation between flow harmonics of
                        different order in lead-lead collisions at
                        $\sqrt{s_{NN}}$=2.76 TeV with the ATLAS detector}",
      collaboration  = "ATLAS",
      journal        = "Phys. Rev.",
      volume         = "C92",
      year           = "2015",
      number         = "3",
      pages          = "034903",
      doi            = "10.1103/PhysRevC.92.034903",
      eprint         = "1504.01289",
      archivePrefix  = "arXiv",
      primaryClass   = "hep-ex",
      reportNumber   = "CERN-PH-EP-2015-079",
      SLACcitation   = "%%CITATION = ARXIV:1504.01289;%%"
}

@article{Zhou:2016eiz,
      author         = "Zhou, You",
      title          = "{Review of anisotropic flow correlations in
                        ultrarelativistic heavy-ion collisions}",
      journal        = "Adv. High Energy Phys.",
      volume         = "2016",
      year           = "2016",
      pages          = "9365637",
      doi            = "10.1155/2016/9365637",
      eprint         = "1607.05613",
      archivePrefix  = "arXiv",
      primaryClass   = "nucl-ex",
      SLACcitation   = "%%CITATION = ARXIV:1607.05613;%%"
}

@article{Zhou:2015eya,
      author         = "Zhou, You and Xiao, Kai and Feng, Zhao and Liu, Feng and
                        Snellings, Raimond",
      title          = "{Anisotropic distributions in a multiphase transport
                        model}",
      journal        = "Phys. Rev.",
      volume         = "C93",
      year           = "2016",
      number         = "3",
      pages          = "034909",
      doi            = "10.1103/PhysRevC.93.034909",
      eprint         = "1508.03306",
      archivePrefix  = "arXiv",
      primaryClass   = "nucl-ex",
      SLACcitation   = "%%CITATION = ARXIV:1508.03306;%%"
}

@article{Bhalerao:2014xra,
      author         = "Bhalerao, Rajeev S. and Ollitrault, Jean-Yves and Pal,
                        Subrata",
      title          = "{Characterizing flow fluctuations with moments}",
      journal        = "Phys. Lett.",
      volume         = "B742",
      year           = "2015",
      pages          = "94-98",
      doi            = "10.1016/j.physletb.2015.01.019",
      eprint         = "1411.5160",
      archivePrefix  = "arXiv",
      primaryClass   = "nucl-th",
      reportNumber   = "SACLAY-T14-233",
      SLACcitation   = "%%CITATION = ARXIV:1411.5160;%%"
}

@article{Qian:2016fpi,
      author         = "Qian, Jing and Heinz, Ulrich W. and Liu, Jia",
      title          = "{Mode-coupling effects in anisotropic flow in heavy-ion
                        collisions}",
      journal        = "Phys. Rev.",
      volume         = "C93",
      year           = "2016",
      number         = "6",
      pages          = "064901",
      doi            = "10.1103/PhysRevC.93.064901",
      eprint         = "1602.02813",
      archivePrefix  = "arXiv",
      primaryClass   = "nucl-th",
      SLACcitation   = "%%CITATION = ARXIV:1602.02813;%%"
}


@article{Hirano:2012kj,
      author         = "Hirano, Tetsufumi and Huovinen, Pasi and Murase, Koichi
                        and Nara, Yasushi",
      title          = "{Integrated Dynamical Approach to Relativistic Heavy Ion
                        Collisions}",
      journal        = "Prog. Part. Nucl. Phys.",
      volume         = "70",
      year           = "2013",
      pages          = "108-158",
      doi            = "10.1016/j.ppnp.2013.02.002",
      eprint         = "1204.5814",
      archivePrefix  = "arXiv",
      primaryClass   = "nucl-th",
      SLACcitation   = "%%CITATION = ARXIV:1204.5814;%%"
}


@article{Dumitru:2011wq,
      author         = "Dumitru, Adrian and Kharzeev, Dmitri E. and Levin, Eugene
                        M. and Nara, Yasushi",
      title          = "{Gluon Saturation in $pA$ Collisions at the LHC: KLN
                        Model Predictions For Hadron Multiplicities}",
      journal        = "Phys. Rev.",
      volume         = "C85",
      year           = "2012",
      pages          = "044920",
      doi            = "10.1103/PhysRevC.85.044920",
      eprint         = "1111.3031",
      archivePrefix  = "arXiv",
      primaryClass   = "hep-ph",
      SLACcitation   = "%%CITATION = ARXIV:1111.3031;%%"
}


@article{Petersen:2008dd,
      author         = "Petersen, Hannah and Steinheimer, Jan and Burau, Gerhard
                        and Bleicher, Marcus and Stocker, Horst",
      title          = "{A Fully Integrated Transport Approach to Heavy Ion
                        Reactions with an Intermediate Hydrodynamic Stage}",
      journal        = "Phys. Rev.",
      volume         = "C78",
      year           = "2008",
      pages          = "044901",
      doi            = "10.1103/PhysRevC.78.044901",
      eprint         = "0806.1695",
      archivePrefix  = "arXiv",
      primaryClass   = "nucl-th",
      SLACcitation   = "%%CITATION = ARXIV:0806.1695;%%"
}


@article{Adam:2016ows,
      author         = "Adam, Jaroslav and others",
      title          = "{Pseudorapidity dependence of the anisotropic flow of
                        charged particles in Pb-Pb collisions at $\sqrt{s_{\rm
                        NN}}=2.76$ TeV}",
      collaboration  = "ALICE",
      journal        = "Phys. Lett.",
      volume         = "B762",
      year           = "2016",
      pages          = "376-388",
      doi            = "10.1016/j.physletb.2016.07.017",
      eprint         = "1605.02035",
      archivePrefix  = "arXiv",
      primaryClass   = "nucl-ex",
      reportNumber   = "CERN-EP-2016-115",
      SLACcitation   = "%%CITATION = ARXIV:1605.02035;%%"
}

@article{ALICE:2016kpq,
      author         = "Adam, Jaroslav and others",
      title          = "{Correlated event-by-event fluctuations of flow harmonics
                        in Pb-Pb collisions at $\sqrt{s_{_{\rm NN}}}=2.76$ TeV}",
      collaboration  = "ALICE",
      year           = "2016",
      eprint         = "1604.07663",
      archivePrefix  = "arXiv",
      primaryClass   = "nucl-ex",
      reportNumber   = "CERN-EP-2016-102",
      SLACcitation   = "%%CITATION = ARXIV:1604.07663;%%"
}

@article{Giacalone:2016afq,
      author         = "Giacalone, Giuliano and Yan, Li and Noronha-Hostler,
                        Jacquelyn and Ollitrault, Jean-Yves",
      title          = "{Symmetric cumulants and event-plane correlations in Pb +
                        Pb collisions}",
      journal        = "Phys. Rev.",
      volume         = "C94",
      year           = "2016",
      number         = "1",
      pages          = "014906",
      doi            = "10.1103/PhysRevC.94.014906",
      eprint         = "1605.08303",
      archivePrefix  = "arXiv",
      primaryClass   = "nucl-th",
      reportNumber   = "SACLAY-T16-042",
      SLACcitation   = "%%CITATION = ARXIV:1605.08303;%%"
}

@article{Zhu:2016kix,
      author         = "Zhu, Xiangrong and Zhou, You and Xu, Haojie and Song,
                        Huichao",
      title          = "{Investigating the correlations of flow harmonics in
                        2.76A TeV Pb--Pb collisions}",
      year           = "2016",
      eprint         = "1609.02628",
      archivePrefix  = "arXiv",
      primaryClass   = "nucl-th",
      SLACcitation   = "%%CITATION = ARXIV:1609.02628;%%"
}


@article{Zhou:2015slf,
      author         = "Zhou, You",
      title          = "{Measurements of correlations of anisotropic flow
                        harmonics in Pb--Pb Collisions with ALICE}",
      booktitle      = "{Proceedings, 25th International Conference on
                        Ultra-Relativistic Nucleus-Nucleus Collisions (Quark
                        Matter 2015): Kobe, Japan, September 27-October 3, 2015}",
      collaboration  = "ALICE",
      journal        = "Nucl. Phys.",
      volume         = "A956",
      year           = "2016",
      pages          = "296-299",
      doi            = "10.1016/j.nuclphysa.2016.01.018",
      eprint         = "1512.05397",
      archivePrefix  = "arXiv",
      primaryClass   = "nucl-ex",
      SLACcitation   = "%%CITATION = ARXIV:1512.05397;%%"
}


@article{Dave:pca,
author = "Dave Higdon and James Gattiker and Brian Williams and Maria Rightley",
title = "Computer Model Calibration Using High-Dimensional Output",
journal = "Journal of the American Statistical Association",
volume = "103",
number = "482",
pages = "570-583",
year = "2008"
}

@article{hodlr,
    author = "Ambikasaran, S. and Foreman-Mackey, D. and
              Greengard, L. and Hogg, D. W. and O'Neil, M.",
     title = "Fast Direct Methods for Gaussian Processes and the Analysis
               of NASA Kepler Mission Data",
      year = "2014",
     month = "mar",
       url = "http://arxiv.org/abs/1403.6015"
}

@article{emcee,
  author={Daniel Foreman-Mackey and David W. Hogg and Dustin Lang and Jonathan Goodman},
  title={emcee: The MCMC Hammer},
  journal={Publications of the Astronomical Society of the Pacific},
  volume={125},
  number={925},
  pages={306},
  url={http://stacks.iop.org/1538-3873/125/i=925/a=306},
  year={2013}
}
	

@book{rasmussen2006gaussian,
  title={Gaussian Processes for Machine Learning},
  author={Rasmussen, C.E. and Williams, C.K.I.},
  isbn={9780262182539},
  lccn={2005053433},
  series={Adaptative computation and machine learning series},
  url={https://books.google.com/books?id=vWtwQgAACAAJ},
  year={2006},
  publisher={University Press Group Limited}
}

@article{Abbas:2013bpa,
      author         = "Abbas, Ehab and others",
      title          = "{Centrality dependence of the pseudorapidity density
                        distribution for charged particles in Pb-Pb collisions at
                        $\sqrt{s_{\rm NN}}$ = 2.76 TeV}",
      collaboration  = "ALICE",
      journal        = "Phys. Lett.",
      volume         = "B726",
      year           = "2013",
      pages          = "610-622",
      doi            = "10.1016/j.physletb.2013.09.022",
      eprint         = "1304.0347",
      archivePrefix  = "arXiv",
      primaryClass   = "nucl-ex",
      reportNumber   = "CERN-PH-EP-2013-045",
      SLACcitation   = "%%CITATION = ARXIV:1304.0347;%%"
}

@inproceedings{SoorajRadhakrishnanfortheATLAS:2015eqq,
      author         = "Radhakrishnan, Sooraj",
      title          = "{Measurement of two particle pseudorapidity correlations
                        in Pb+Pb collisions at $\sqrt{s_{NN}}$ = 2.76 TeV with the
                        ATLAS detector}",
      booktitle      = "{Proceedings, 7th International Conference on Hard and
                        Electromagnetic Probes of High-Energy Nuclear Collisions
                        (Hard Probes 2015): Montréal, Québec, Canada, June
                        29-July 3, 2015}",
      collaboration  = "ATLAS",
      year           = "2016",
      url            = "https://inspirehep.net/record/1402414/files/arXiv:1511.00361.pdf",
      doi            = "10.1016/j.nuclphysbps.2016.05.024",
      eprint         = "1511.00361",
      archivePrefix  = "arXiv",
      primaryClass   = "nucl-ex",
      SLACcitation   = "%%CITATION = ARXIV:1511.00361;%%"
}


@inproceedings{Jia:2016jlg,
      author         = "Jia, Jiangyong",
      title          = "{Forward-backward multiplicity correlations in pp, pPb
                        and Pb+Pb collisions with the ATLAS detector}",
      booktitle      = "{25th International Conference on Ultra-Relativistic
                        Nucleus-Nucleus Collisions (Quark Matter 2015) Kobe,
                        Japan, September 27-October 3, 2015}",
      collaboration  = "ATLAS",
      url            = "https://inspirehep.net/record/1413765/files/arXiv:1601.01296.pdf",
      year           = "2016",
      eprint         = "1601.01296",
      archivePrefix  = "arXiv",
      primaryClass   = "nucl-ex",
      SLACcitation   = "%%CITATION = ARXIV:1601.01296;%%"
}


@article{Monnai:2015sca,
      author         = "Monnai, Akihiko and Schenke, Bjoern",
      title          = "{Pseudorapidity correlations in heavy ion collisions from
                        viscous fluid dynamics}",
      journal        = "Phys. Lett.",
      volume         = "B752",
      year           = "2016",
      pages          = "317-321",
      doi            = "10.1016/j.physletb.2015.11.063",
      eprint         = "1509.04103",
      archivePrefix  = "arXiv",
      primaryClass   = "nucl-th",
      SLACcitation   = "%%CITATION = ARXIV:1509.04103;%%"
}


@article{Xiao:2012uw,
      author         = "Xiao, Kai and Liu, Feng and Wang, Fuqiang",
      title          = "{Event-plane decorrelation over pseudorapidity and its
                        effect on azimuthal anisotropy measurements in
                        relativistic heavy-ion collisions}",
      journal        = "Phys. Rev.",
      volume         = "C87",
      year           = "2013",
      number         = "1",
      pages          = "011901",
      doi            = "10.1103/PhysRevC.87.011901",
      eprint         = "1208.1195",
      archivePrefix  = "arXiv",
      primaryClass   = "nucl-th",
      SLACcitation   = "%%CITATION = ARXIV:1208.1195;%%"
}


@article{Pang:2015zrq,
      author         = "Pang, Long-Gang and Petersen, Hannah and Qin, Guang-You
                        and Roy, Victor and Wang, Xin-Nian",
      title          = "{Decorrelation of anisotropic flow along the longitudinal
                        direction}",
      journal        = "Eur. Phys. J.",
      volume         = "A52",
      year           = "2016",
      number         = "4",
      pages          = "97",
      doi            = "10.1140/epja/i2016-16097-x",
      eprint         = "1511.04131",
      archivePrefix  = "arXiv",
      primaryClass   = "nucl-th",
      SLACcitation   = "%%CITATION = ARXIV:1511.04131;%%"
}


@article{Bozek:2015bna,
      author         = "Bozek, Piotr and Broniowski, Wojciech",
      title          = "{The torque effect and fluctuations of entropy deposition
                        in rapidity in ultra-relativistic nuclear collisions}",
      journal        = "Phys. Lett.",
      volume         = "B752",
      year           = "2016",
      pages          = "206-211",
      doi            = "10.1016/j.physletb.2015.11.054",
      eprint         = "1506.02817",
      archivePrefix  = "arXiv",
      primaryClass   = "nucl-th",
      SLACcitation   = "%%CITATION = ARXIV:1506.02817;%%"
}


@article{Adam:2016izf,
      author         = "Adam, Jaroslav and others",
      title          = "{Anisotropic flow of charged particles in Pb-Pb
                        collisions at $\sqrt{s_{\rm NN}}=5.02$ TeV}",
      collaboration  = "ALICE",
      journal        = "Phys. Rev. Lett.",
      volume         = "116",
      year           = "2016",
      number         = "13",
      pages          = "132302",
      doi            = "10.1103/PhysRevLett.116.132302",
      eprint         = "1602.01119",
      archivePrefix  = "arXiv",
      primaryClass   = "nucl-ex",
      reportNumber   = "CERN-EP-2016-018",
      SLACcitation   = "%%CITATION = ARXIV:1602.01119;%%"
}

@article{Jia:2015jga,
      author         = "Jia, Jiangyong and Radhakrishnan, Sooraj and Zhou,
                        Mingliang",
      title          = "{Forward-backward multiplicity fluctuation and
                        longitudinal harmonics in high-energy nuclear collisions}",
      journal        = "Phys. Rev.",
      volume         = "C93",
      year           = "2016",
      number         = "4",
      pages          = "044905",
      doi            = "10.1103/PhysRevC.93.044905",
      eprint         = "1506.03496",
      archivePrefix  = "arXiv",
      primaryClass   = "nucl-th",
      SLACcitation   = "%%CITATION = ARXIV:1506.03496;%%"
}

@article{Muronga:2004sf,
      author         = "Muronga, Azwinndini and Rischke, Dirk H.",
      title          = "{Evolution of hot, dissipative quark matter in
                        relativistic nuclear collisions}",
      year           = "2004",
      eprint         = "nucl-th/0407114",
      archivePrefix  = "arXiv",
      primaryClass   = "nucl-th",
      SLACcitation   = "%%CITATION = NUCL-TH/0407114;%%"
}

@article{Chaudhuri:2006jd,
      author         = "Chaudhuri, A. K.",
      title          = "{Dissipative hydrodynamics in 2+1 dimension}",
      journal        = "Phys. Rev.",
      volume         = "C74",
      year           = "2006",
      pages          = "044904",
      doi            = "10.1103/PhysRevC.74.044904",
      eprint         = "nucl-th/0604014",
      archivePrefix  = "arXiv",
      primaryClass   = "nucl-th",
      SLACcitation   = "%%CITATION = NUCL-TH/0604014;%%"
}

@article{Romatschke:2007mq,
      author         = "Romatschke, Paul and Romatschke, Ulrike",
      title          = "{Viscosity Information from Relativistic Nuclear
                        Collisions: How Perfect is the Fluid Observed at RHIC?}",
      journal        = "Phys. Rev. Lett.",
      volume         = "99",
      year           = "2007",
      pages          = "172301",
      doi            = "10.1103/PhysRevLett.99.172301",
      eprint         = "0706.1522",
      archivePrefix  = "arXiv",
      primaryClass   = "nucl-th",
      reportNumber   = "INT-PUB-07-14",
      SLACcitation   = "%%CITATION = ARXIV:0706.1522;%%"
}

@article{Dusling:2007gi,
      author         = "Dusling, K. and Teaney, D.",
      title          = "{Simulating elliptic flow with viscous hydrodynamics}",
      journal        = "Phys. Rev.",
      volume         = "C77",
      year           = "2008",
      pages          = "034905",
      doi            = "10.1103/PhysRevC.77.034905",
      eprint         = "0710.5932",
      archivePrefix  = "arXiv",
      primaryClass   = "nucl-th",
      SLACcitation   = "%%CITATION = ARXIV:0710.5932;%%"
}

@article{Song:2007ux,
      author         = "Song, Huichao and Heinz, Ulrich W.",
      title          = "{Causal viscous hydrodynamics in 2+1 dimensions for
                        relativistic heavy-ion collisions}",
      journal        = "Phys. Rev.",
      volume         = "C77",
      year           = "2008",
      pages          = "064901",
      doi            = "10.1103/PhysRevC.77.064901",
      eprint         = "0712.3715",
      archivePrefix  = "arXiv",
      primaryClass   = "nucl-th",
      reportNumber   = "CERN-PH-TH-2007-269",
      SLACcitation   = "%%CITATION = ARXIV:0712.3715;%%"
}

@article{Luzum:2008cw,
      author         = "Luzum, Matthew and Romatschke, Paul",
      title          = "{Conformal Relativistic Viscous Hydrodynamics:
                        Applications to RHIC results at s(NN)**(1/2) = 200-GeV}",
      journal        = "Phys. Rev.",
      volume         = "C78",
      year           = "2008",
      pages          = "034915",
      doi            = "10.1103/PhysRevC.78.034915, 10.1103/PhysRevC.79.039903",
      note           = "[Erratum: Phys. Rev.C79,039903(2009)]",
      eprint         = "0804.4015",
      archivePrefix  = "arXiv",
      primaryClass   = "nucl-th",
      reportNumber   = "INT-08-07, NT-UW-08-10",
      SLACcitation   = "%%CITATION = ARXIV:0804.4015;%%"
}

@article{Gale:2012rq,
      author         = "Gale, Charles and Jeon, Sangyong and Schenke, Björn and
                        Tribedy, Prithwish and Venugopalan, Raju",
      title          = "{Event-by-event anisotropic flow in heavy-ion collisions
                        from combined Yang-Mills and viscous fluid dynamics}",
      journal        = "Phys. Rev. Lett.",
      volume         = "110",
      year           = "2013",
      number         = "1",
      pages          = "012302",
      doi            = "10.1103/PhysRevLett.110.012302",
      eprint         = "1209.6330",
      archivePrefix  = "arXiv",
      primaryClass   = "nucl-th",
      SLACcitation   = "%%CITATION = ARXIV:1209.6330;%%"
}

@article{Niemi:2015qia,
      author         = "Niemi, H. and Eskola, K. J. and Paatelainen, R.",
      title          = "{Event-by-event fluctuations in a perturbative QCD +
                        saturation + hydrodynamics model: Determining QCD matter
                        shear viscosity in ultrarelativistic heavy-ion
                        collisions}",
      journal        = "Phys. Rev.",
      volume         = "C93",
      year           = "2016",
      number         = "2",
      pages          = "024907",
      doi            = "10.1103/PhysRevC.93.024907",
      eprint         = "1505.02677",
      archivePrefix  = "arXiv",
      primaryClass   = "hep-ph",
      SLACcitation   = "%%CITATION = ARXIV:1505.02677;%%"
}

@article{Bernhard:2016tnd,
      author         = "Bernhard, Jonah E. and Moreland, J. Scott and Bass,
                        Steffen A. and Liu, Jia and Heinz, Ulrich",
      title          = "{Applying Bayesian parameter estimation to relativistic
                        heavy-ion collisions: simultaneous characterization of the
                        initial state and quark-gluon plasma medium}",
      journal        = "Phys. Rev.",
      volume         = "C94",
      year           = "2016",
      number         = "2",
      pages          = "024907",
      doi            = "10.1103/PhysRevC.94.024907",
      eprint         = "1605.03954",
      archivePrefix  = "arXiv",
      primaryClass   = "nucl-th",
      SLACcitation   = "%%CITATION = ARXIV:1605.03954;%%"
}

@article{Bhalerao:2015iya,
      author         = "Bhalerao, Rajeev S. and Jaiswal, Amaresh and Pal,
                        Subrata",
      title          = "{Collective flow in event-by-event partonic transport
                        plus hydrodynamics hybrid approach}",
      journal        = "Phys. Rev.",
      volume         = "C92",
      year           = "2015",
      number         = "1",
      pages          = "014903",
      doi            = "10.1103/PhysRevC.92.014903",
      eprint         = "1503.03862",
      archivePrefix  = "arXiv",
      primaryClass   = "nucl-th",
      reportNumber   = "TIFR-TH-15-07",
      SLACcitation   = "%%CITATION = ARXIV:1503.03862;%%"
}

@article{Miller:2007ri,
      author         = "Miller, Michael L. and Reygers, Klaus and Sanders,
                        Stephen J. and Steinberg, Peter",
      title          = "{Glauber modeling in high energy nuclear collisions}",
      journal        = "Ann. Rev. Nucl. Part. Sci.",
      volume         = "57",
      year           = "2007",
      pages          = "205-243",
      doi            = "10.1146/annurev.nucl.57.090506.123020",
      eprint         = "nucl-ex/0701025",
      archivePrefix  = "arXiv",
      primaryClass   = "nucl-ex",
      SLACcitation   = "%%CITATION = NUCL-EX/0701025;%%"
}

@article{Drescher:2006ca,
      author         = "Drescher, H. -J. and Nara, Y.",
      title          = "{Effects of fluctuations on the initial eccentricity from
                        the Color Glass Condensate in heavy ion collisions}",
      journal        = "Phys. Rev.",
      volume         = "C75",
      year           = "2007",
      pages          = "034905",
      doi            = "10.1103/PhysRevC.75.034905",
      eprint         = "nucl-th/0611017",
      archivePrefix  = "arXiv",
      primaryClass   = "nucl-th",
      SLACcitation   = "%%CITATION = NUCL-TH/0611017;%%"
}

@article{Schenke:2012wb,
      author         = "Schenke, Bjoern and Tribedy, Prithwish and Venugopalan,
                        Raju",
      title          = "{Fluctuating Glasma initial conditions and flow in heavy
                        ion collisions}",
      journal        = "Phys. Rev. Lett.",
      volume         = "108",
      year           = "2012",
      pages          = "252301",
      doi            = "10.1103/PhysRevLett.108.252301",
      eprint         = "1202.6646",
      archivePrefix  = "arXiv",
      primaryClass   = "nucl-th",
      SLACcitation   = "%%CITATION = ARXIV:1202.6646;%%"
}

@article{Moreland:2014oya,
      author         = "Moreland, J. Scott and Bernhard, Jonah E. and Bass,
                        Steffen A.",
      title          = "{Alternative ansatz to wounded nucleon and binary
                        collision scaling in high-energy nuclear collisions}",
      journal        = "Phys. Rev.",
      volume         = "C92",
      year           = "2015",
      number         = "1",
      pages          = "011901",
      doi            = "10.1103/PhysRevC.92.011901",
      eprint         = "1412.4708",
      archivePrefix  = "arXiv",
      primaryClass   = "nucl-th",
      SLACcitation   = "%%CITATION = ARXIV:1412.4708;%%"
}

@article{Chatterjee:2015aja,
      author         = "Chatterjee, Sandeep and Singh, Sushant Kumar and Ghosh,
                        Snigdha and Hasanujjaman, Md and Alam, Jane and Sarkar,
                        Sourav",
      title          = "{Initial condition from the shadowed Glauber model}",
      journal        = "Phys. Lett.",
      volume         = "B758",
      year           = "2016",
      pages          = "269-273",
      doi            = "10.1016/j.physletb.2016.05.022",
      eprint         = "1510.01311",
      archivePrefix  = "arXiv",
      primaryClass   = "nucl-th",
      SLACcitation   = "%%CITATION = ARXIV:1510.01311;%%"
}

@article{Aad:2014lta,
      author         = "Aad, Georges and others",
      title          = "{Measurement of long-range pseudorapidity correlations
                        and azimuthal harmonics in $\sqrt{s_{NN}}=5.02$ TeV
                        proton-lead collisions with the ATLAS detector}",
      collaboration  = "ATLAS",
      journal        = "Phys. Rev.",
      volume         = "C90",
      year           = "2014",
      number         = "4",
      pages          = "044906",
      doi            = "10.1103/PhysRevC.90.044906",
      eprint         = "1409.1792",
      archivePrefix  = "arXiv",
      primaryClass   = "hep-ex",
      reportNumber   = "CERN-PH-EP-2014-201",
      SLACcitation   = "%%CITATION = ARXIV:1409.1792;%%"
}

@article{Aad:2013fja,
      author         = "Aad, Georges and others",
      title          = "{Measurement with the ATLAS detector of multi-particle
                        azimuthal correlations in p+Pb collisions at
                        $\sqrt{s_{NN}}$ =5.02 TeV}",
      collaboration  = "ATLAS",
      journal        = "Phys. Lett.",
      volume         = "B725",
      year           = "2013",
      pages          = "60-78",
      doi            = "10.1016/j.physletb.2013.06.057",
      eprint         = "1303.2084",
      archivePrefix  = "arXiv",
      primaryClass   = "hep-ex",
      reportNumber   = "CERN-PH-EP-2013-029",
      SLACcitation   = "%%CITATION = ARXIV:1303.2084;%%"
}

@article{CMS:2012qk,
      author         = "Chatrchyan, Serguei and others",
      title          = "{Observation of long-range near-side angular correlations
                        in proton-lead collisions at the LHC}",
      collaboration  = "CMS",
      journal        = "Phys. Lett.",
      volume         = "B718",
      year           = "2013",
      pages          = "795-814",
      doi            = "10.1016/j.physletb.2012.11.025",
      eprint         = "1210.5482",
      archivePrefix  = "arXiv",
      primaryClass   = "nucl-ex",
      reportNumber   = "CMS-HIN-12-005, CERN-PH-EP-2012-320, CMS-HIN-12-015",
      SLACcitation   = "%%CITATION = ARXIV:1210.5482;%%"
}

@article{Chatrchyan:2013nka,
      author         = "Chatrchyan, Serguei and others",
      title          = "{Multiplicity and transverse momentum dependence of two-
                        and four-particle correlations in pPb and PbPb
                        collisions}",
      collaboration  = "CMS",
      journal        = "Phys. Lett.",
      volume         = "B724",
      year           = "2013",
      pages          = "213-240",
      doi            = "10.1016/j.physletb.2013.06.028",
      eprint         = "1305.0609",
      archivePrefix  = "arXiv",
      primaryClass   = "nucl-ex",
      reportNumber   = "CMS-HIN-13-002, CERN-PH-EP-2013-077",
      SLACcitation   = "%%CITATION = ARXIV:1305.0609;%%"
}

@article{Khachatryan:2015waa,
      author         = "Khachatryan, Vardan and others",
      title          = "{Evidence for Collective Multiparticle Correlations in
                        p-Pb Collisions}",
      collaboration  = "CMS",
      journal        = "Phys. Rev. Lett.",
      volume         = "115",
      year           = "2015",
      number         = "1",
      pages          = "012301",
      doi            = "10.1103/PhysRevLett.115.012301",
      eprint         = "1502.05382",
      archivePrefix  = "arXiv",
      primaryClass   = "nucl-ex",
      reportNumber   = "CMS-HIN-14-006, CERN-PH-EP-2015-011",
      SLACcitation   = "%%CITATION = ARXIV:1502.05382;%%"
}

@article{Khachatryan:2015oea,
      author         = "Khachatryan, Vardan and others",
      title          = "{Evidence for transverse momentum and pseudorapidity
                        dependent event plane fluctuations in PbPb and pPb
                        collisions}",
      collaboration  = "CMS",
      journal        = "Phys. Rev.",
      volume         = "C92",
      year           = "2015",
      number         = "3",
      pages          = "034911",
      doi            = "10.1103/PhysRevC.92.034911",
      eprint         = "1503.01692",
      archivePrefix  = "arXiv",
      primaryClass   = "nucl-ex",
      reportNumber   = "CMS-HIN-14-012, CERN-PH-EP-2015-039",
      SLACcitation   = "%%CITATION = ARXIV:1503.01692;%%"
}

@article{Khachatryan:2016ibd,
      author         = "Khachatryan, Vardan and others",
      title          = "{Pseudorapidity dependence of long-range two-particle
                        correlations in $p$Pb collisions at $\sqrt{s_{NN}}=5.02$
                        TeV}",
      collaboration  = "CMS",
      journal        = "Submitted to: Phys. Rev. C",
      year           = "2016",
      eprint         = "1604.05347",
      archivePrefix  = "arXiv",
      primaryClass   = "nucl-ex",
      reportNumber   = "CMS-HIN-14-008, CERN-EP-2016-042",
      SLACcitation   = "%%CITATION = ARXIV:1604.05347;%%"
}

@article{Adare:2014keg,
      author         = "Adare, A. and others",
      title          = "{Measurement of long-range angular correlation and
                        quadrupole anisotropy of pions and (anti)protons in
                        central $d$$+$Au collisions at $\sqrt{s_{_{NN}}}$=200
                        GeV}",
      collaboration  = "PHENIX",
      journal        = "Phys. Rev. Lett.",
      volume         = "114",
      year           = "2015",
      number         = "19",
      pages          = "192301",
      doi            = "10.1103/PhysRevLett.114.192301",
      eprint         = "1404.7461",
      archivePrefix  = "arXiv",
      primaryClass   = "nucl-ex",
      SLACcitation   = "%%CITATION = ARXIV:1404.7461;%%"
}

@article{Adare:2015cpn,
      author         = "Adare, A. and others",
      title          = "{Measurements of directed, elliptic, and triangular flow
                        in Cu$+$Au collisions at $\sqrt{s_{_{NN}}}=200$ GeV}",
      collaboration  = "PHENIX",
      year           = "2015",
      eprint         = "1509.07784",
      archivePrefix  = "arXiv",
      primaryClass   = "nucl-ex",
      SLACcitation   = "%%CITATION = ARXIV:1509.07784;%%"
}

@article{Adare:2015ctn,
      author         = "Adare, A. and others",
      title          = "{Measurements of elliptic and triangular flow in
                        high-multiplicity $^{3}$He$+$Au collisions at
                        $\sqrt{s_{_{NN}}}=200$ GeV}",
      collaboration  = "PHENIX",
      journal        = "Phys. Rev. Lett.",
      volume         = "115",
      year           = "2015",
      number         = "14",
      pages          = "142301",
      doi            = "10.1103/PhysRevLett.115.142301",
      eprint         = "1507.06273",
      archivePrefix  = "arXiv",
      primaryClass   = "nucl-ex",
      SLACcitation   = "%%CITATION = ARXIV:1507.06273;%%"
}

@article{Bozek:2015bha,
      author         = "Bozek, Piotr and Broniowski, Wojciech and Olszewski,
                        Adam",
      title          = "{Hydrodynamic modeling of pseudorapidity flow
                        correlations in relativistic heavy-ion collisions and the
                        torque effect}",
      journal        = "Phys. Rev.",
      volume         = "C91",
      year           = "2015",
      pages          = "054912",
      doi            = "10.1103/PhysRevC.91.054912",
      eprint         = "1503.07425",
      archivePrefix  = "arXiv",
      primaryClass   = "nucl-th",
      SLACcitation   = "%%CITATION = ARXIV:1503.07425;%%"
}

@article{Rybczynski:2013yba,
      author         = "Rybczynski, Maciej and Stefanek, Grzegorz and Broniowski,
                        Wojciech and Bozek, Piotr",
      title          = "{GLISSANDO 2 : GLauber Initial-State Simulation AND
                        mOre…, ver. 2}",
      journal        = "Comput. Phys. Commun.",
      volume         = "185",
      year           = "2014",
      pages          = "1759-1772",
      doi            = "10.1016/j.cpc.2014.02.016",
      eprint         = "1310.5475",
      archivePrefix  = "arXiv",
      primaryClass   = "nucl-th",
      SLACcitation   = "%%CITATION = ARXIV:1310.5475;%%"
}

@article{Broniowski:2015oif,
      author         = "Broniowski, Wojciech and Bożek, Piotr",
      title          = "{Simple model for rapidity fluctuations in the initial
                        state of ultrarelativistic heavy-ion collisions}",
      journal        = "Phys. Rev.",
      volume         = "C93",
      year           = "2016",
      number         = "6",
      pages          = "064910",
      doi            = "10.1103/PhysRevC.93.064910",
      eprint         = "1512.01945",
      archivePrefix  = "arXiv",
      primaryClass   = "nucl-th",
      SLACcitation   = "%%CITATION = ARXIV:1512.01945;%%"
}

@article{Zhang:1999bd,
      author         = "Zhang, Bin and Ko, C. M. and Li, Bao-An and Lin, Zi-Wei",
      title          = "{A multiphase transport model for nuclear collisions at
                        RHIC}",
      journal        = "Phys. Rev.",
      volume         = "C61",
      year           = "2000",
      pages          = "067901",
      doi            = "10.1103/PhysRevC.61.067901",
      eprint         = "nucl-th/9907017",
      archivePrefix  = "arXiv",
      primaryClass   = "nucl-th",
      SLACcitation   = "%%CITATION = NUCL-TH/9907017;%%"
}

@article{Werner:2010aa,
      author         = "Werner, K. and Karpenko, Iu. and Pierog, T. and Bleicher,
                        M. and Mikhailov, K.",
      title          = "{Event-by-Event Simulation of the Three-Dimensional
                        Hydrodynamic Evolution from Flux Tube Initial Conditions
                        in Ultrarelativistic Heavy Ion Collisions}",
      journal        = "Phys. Rev.",
      volume         = "C82",
      year           = "2010",
      pages          = "044904",
      doi            = "10.1103/PhysRevC.82.044904",
      eprint         = "1004.0805",
      archivePrefix  = "arXiv",
      primaryClass   = "nucl-th",
      SLACcitation   = "%%CITATION = ARXIV:1004.0805;%%"
}

@article{Schenke:2016ksl,
      author         = "Schenke, Bjoern and Schlichting, Soeren",
      title          = "{3-D Glasma initial state for relativistic heavy ion
                        collisions}",
      year           = "2016",
      eprint         = "1605.07158",
      archivePrefix  = "arXiv",
      primaryClass   = "hep-ph",
      SLACcitation   = "%%CITATION = ARXIV:1605.07158;%%"
}

@article{Novak:2013bqa,
      author         = "Novak, John and Novak, Kevin and Pratt, Scott and
                        Vredevoogd, Joshua and Coleman-Smith, Chris and Wolpert,
                        Robert",
      title          = "{Determining Fundamental Properties of Matter Created in
                        Ultrarelativistic Heavy-Ion Collisions}",
      journal        = "Phys. Rev.",
      volume         = "C89",
      year           = "2014",
      number         = "3",
      pages          = "034917",
      doi            = "10.1103/PhysRevC.89.034917",
      eprint         = "1303.5769",
      archivePrefix  = "arXiv",
      primaryClass   = "nucl-th",
      SLACcitation   = "%%CITATION = ARXIV:1303.5769;%%"
}

@article{Pratt:2015zsa,
      author         = "Pratt, Scott and Sangaline, Evan and Sorensen, Paul and
                        Wang, Hui",
      title          = "{Constraining the Eq. of State of Super-Hadronic Matter
                        from Heavy-Ion Collisions}",
      journal        = "Phys. Rev. Lett.",
      volume         = "114",
      year           = "2015",
      pages          = "202301",
      doi            = "10.1103/PhysRevLett.114.202301",
      eprint         = "1501.04042",
      archivePrefix  = "arXiv",
      primaryClass   = "nucl-th",
      SLACcitation   = "%%CITATION = ARXIV:1501.04042;%%"
}

@article{Sangaline:2015isa,
      author         = "Sangaline, Evan and Pratt, Scott",
      title          = "{Toward a deeper understanding of how experiments
                        constrain the underlying physics of heavy-ion collisions}",
      journal        = "Phys. Rev.",
      volume         = "C93",
      year           = "2016",
      number         = "2",
      pages          = "024908",
      doi            = "10.1103/PhysRevC.93.024908",
      eprint         = "1508.07017",
      archivePrefix  = "arXiv",
      primaryClass   = "nucl-th",
      SLACcitation   = "%%CITATION = ARXIV:1508.07017;%%"
}

@article{OHagan:2006ba,
      author         = "O’Hagan, Anthony",
      title          = "{Bayesian analysis of computer code outputs: a tutorial}",
      journal        = "Rel.Engin.Sys.Safety",
      volume         = "91",
      number         = "10–11",
      pages          = "1290-1300",
      year           = "2006",
      doi            = "10.1016/j.ress.2005.11.025",
}

@article{Higdon:2014tva,
      author         = "Higdon, Dave and McDonnell, Jordan D. and Schunck,
                        Nicolas and Sarich, Jason and Wild, Stefan M",
      title          = "{A Bayesian Approach for Parameter Estimation and
                        Prediction using a Computationally Intensive Model}",
      journal        = "J.Phys.",
      number         = "3",
      volume         = "G42",
      pages          = "034009",
      doi            = "10.1088/0954-3899/42/3/034009",
      year           = "2015",
      eprint         = "1407.3017",
      archivePrefix  = "arXiv",
      primaryClass   = "physics.data-an",
      SLACcitation   = "%%CITATION = ARXIV:1407.3017;%%",
}
@article{Abelev:2014mda,
      author         = "Abelev, Betty Bezverkhny and others",
      title          = "{Multiparticle azimuthal correlations in p-Pb and Pb-Pb
                        collisions at the CERN Large Hadron Collider}",
      collaboration  = "ALICE",
      journal        = "Phys. Rev.",
      volume         = "C90",
      year           = "2014",
      number         = "5",
      pages          = "054901",
      doi            = "10.1103/PhysRevC.90.054901",
      eprint         = "1406.2474",
      archivePrefix  = "arXiv",
      primaryClass   = "nucl-ex",
      reportNumber   = "CERN-PH-EP-2014-105",
      SLACcitation   = "%%CITATION = ARXIV:1406.2474;%%"
}

@article{Bozek:2010bi,
      author         = "Bozek, Piotr and Wyskiel, Iwona",
      title          = "{Directed flow in ultrarelativistic heavy-ion
                        collisions}",
      journal        = "Phys. Rev.",
      volume         = "C81",
      year           = "2010",
      pages          = "054902",
      doi            = "10.1103/PhysRevC.81.054902",
      eprint         = "1002.4999",
      archivePrefix  = "arXiv",
      primaryClass   = "nucl-th",
      SLACcitation   = "%%CITATION = ARXIV:1002.4999;%%"
}

@article{Wang:1991hta,
      author         = "Wang, Xin-Nian and Gyulassy, Miklos",
      title          = "{HIJING: A Monte Carlo model for multiple jet production
                        in p p, p A and A A collisions}",
      journal        = "Phys. Rev.",
      volume         = "D44",
      year           = "1991",
      pages          = "3501-3516",
      doi            = "10.1103/PhysRevD.44.3501",
      reportNumber   = "LBL-31036",
      SLACcitation   = "%%CITATION = PHRVA,D44,3501;%%"
}

@book{Rasmussen:2006gp,
      author         = "Rasmussen, Carl Edward and Williams, Christopher K. I.",
      title          = "Gaussian Processes for Machine Learning",
      publisher      = "MIT Press",
      address        = "Cambridge, MA",
      year           = 2006,
      url            = "http://www.gaussianprocess.org/gpml",
}

@article{Song:2008si,
      author         = "Song, Huichao and Heinz, Ulrich W.",
      title          = "{Multiplicity scaling in ideal and viscous
                        hydrodynamics}",
      journal        = "Phys. Rev.",
      volume         = "C78",
      year           = "2008",
      pages          = "024902",
      doi            = "10.1103/PhysRevC.78.024902",
      eprint         = "0805.1756",
      archivePrefix  = "arXiv",
      primaryClass   = "nucl-th",
      reportNumber   = "CERN-PH-TH-2008-100",
      SLACcitation   = "%%CITATION = ARXIV:0805.1756;%%"
}

@article{Bozek:2013uha,
      author         = "Bozek, Piotr and Broniowski, Wojciech",
      title          = "{Collective dynamics in high-energy proton-nucleus
                        collisions}",
      journal        = "Phys. Rev.",
      volume         = "C88",
      year           = "2013",
      number         = "1",
      pages          = "014903",
      doi            = "10.1103/PhysRevC.88.014903",
      eprint         = "1304.3044",
      archivePrefix  = "arXiv",
      primaryClass   = "nucl-th",
      SLACcitation   = "%%CITATION = ARXIV:1304.3044;%%"
}

@article{Shen:2015msa,
      author         = "Shen, Chun and Heinz, Ulrich",
      title          = "{The road to precision: Extraction of the specific shear
                        viscosity of the quark-gluon plasma}",
      year           = "2015",
      eprint         = "1507.01558",
      archivePrefix  = "arXiv",
      primaryClass   = "nucl-th",
      SLACcitation   = "%%CITATION = ARXIV:1507.01558;%%"
}

@article{Adam:2015lda,
      author         = "Adam, Jaroslav and others",
      title          = "{Direct photon production in Pb-Pb collisions at
                        $\sqrt{s_\rm{NN}}$ = 2.76 TeV}",
      collaboration  = "ALICE",
      journal        = "Phys. Lett.",
      volume         = "B754",
      year           = "2016",
      pages          = "235-248",
      doi            = "10.1016/j.physletb.2016.01.020",
      eprint         = "1509.07324",
      archivePrefix  = "arXiv",
      primaryClass   = "nucl-ex",
      reportNumber   = "CERN-PH-EP-2015-254, ALICE-PUBLIC-2015-007",
      SLACcitation   = "%%CITATION = ARXIV:1509.07324;%%"
}

@article{Aamodt:2010pa,
      author         = "Aamodt, K and others",
      title          = "{Elliptic flow of charged particles in Pb-Pb collisions
                        at 2.76 TeV}",
      collaboration  = "ALICE",
      journal        = "Phys. Rev. Lett.",
      volume         = "105",
      year           = "2010",
      pages          = "252302",
      doi            = "10.1103/PhysRevLett.105.252302",
      eprint         = "1011.3914",
      archivePrefix  = "arXiv",
      primaryClass   = "nucl-ex",
      SLACcitation   = "%%CITATION = ARXIV:1011.3914;%%"
}

@article{Liu:2015nwa,
      author         = "Liu, Jia and Shen, Chun and Heinz, Ulrich",
      title          = "{Pre-equilibrium evolution effects on heavy-ion collision
                        observables}",
      journal        = "Phys. Rev.",
      volume         = "C91",
      year           = "2015",
      number         = "6",
      pages          = "064906",
      doi            = "10.1103/PhysRevC.92.049904, 10.1103/PhysRevC.91.064906",
      note           = "[Erratum: Phys. Rev.C92,no.4,049904(2015)]",
      eprint         = "1504.02160",
      archivePrefix  = "arXiv",
      primaryClass   = "nucl-th",
      SLACcitation   = "%%CITATION = ARXIV:1504.02160;%%"
}

@article{Eskola:1999fc,
      author         = "Eskola, K. J. and Kajantie, K. and Ruuskanen, P. V. and
                        Tuominen, Kimmo",
      title          = "{Scaling of transverse energies and multiplicities with
                        atomic number and energy in ultrarelativistic nuclear
                        collisions}",
      journal        = "Nucl. Phys.",
      volume         = "B570",
      year           = "2000",
      pages          = "379-389",
      doi            = "10.1016/S0550-3213(99)00720-8",
      eprint         = "hep-ph/9909456",
      archivePrefix  = "arXiv",
      primaryClass   = "hep-ph",
      reportNumber   = "JYFL-8-99",
      SLACcitation   = "%%CITATION = HEP-PH/9909456;%%"
}

@article{ALICE:2015kda,
      author         = "Adam, Jaroslav and others",
      title          = "{Centrality evolution of the charged-particle
                        pseudorapidity density over a broad pseudorapidity range
                        in Pb-Pb collisions at $\sqrt{s_{\rm NN}} =$ 2.76 TeV}",
      collaboration  = "ALICE",
      journal        = "Phys. Lett.",
      volume         = "B754",
      year           = "2016",
      pages          = "373-385",
      doi            = "10.1016/j.physletb.2015.12.082",
      eprint         = "1509.07299",
      archivePrefix  = "arXiv",
      primaryClass   = "nucl-ex",
      reportNumber   = "CERN-PH-EP-2015-257, ALICE-PUBLIC-2015-010",
      SLACcitation   = "%%CITATION = ARXIV:1509.07299;%%"
}

@article{Abelev:2013cva,
      author         = "Abelev, Betty and others",
      title          = "{Directed Flow of Charged Particles at Midrapidity
                        Relative to the Spectator Plane in Pb-Pb Collisions at
                        $\sqrt{s_{NN}}$=2.76 TeV}",
      collaboration  = "ALICE",
      journal        = "Phys. Rev. Lett.",
      volume         = "111",
      year           = "2013",
      number         = "23",
      pages          = "232302",
      doi            = "10.1103/PhysRevLett.111.232302",
      eprint         = "1306.4145",
      archivePrefix  = "arXiv",
      primaryClass   = "nucl-ex",
      reportNumber   = "CERN-PH-EP-2013-100",
      SLACcitation   = "%%CITATION = ARXIV:1306.4145;%%"
}

@article{ATLAS:2014eoa,
      author         = "Aad, Georges and others",
      title          = "{Measurement of the centrality and pseudorapidity
                        dependence of the integrated elliptic flow in lead-lead
                        collisions at $\sqrt{s_{\mathrm {NN}}}=2.76$ TeV with the
                        ATLAS detector}",
      collaboration  = "ATLAS",
      journal        = "Eur. Phys. J.",
      volume         = "C74",
      year           = "2014",
      number         = "8",
      pages          = "2982",
      doi            = "10.1140/epjc/s10052-014-2982-4",
      eprint         = "1405.3936",
      archivePrefix  = "arXiv",
      primaryClass   = "hep-ex",
      reportNumber   = "CERN-PH-EP-2014-065",
      SLACcitation   = "%%CITATION = ARXIV:1405.3936;%%"
}

@article{CMS:2015waa,
      author         = "Khachatryan, Vardan and others",
      title          = "{Evidence for Collective Multiparticle Correlations in
                        p-Pb Collisions}",
      collaboration  = "CMS",
      journal        = "Phys. Rev. Lett.",
      volume         = "115",
      year           = "2015",
      number         = "1",
      pages          = "012301",
      doi            = "10.1103/PhysRevLett.115.012301",
      eprint         = "1502.05382",
      archivePrefix  = "arXiv",
      primaryClass   = "nucl-ex",
      reportNumber   = "CMS-HIN-14-006, CERN-PH-EP-2015-011",
      SLACcitation   = "%%CITATION = ARXIV:1502.05382;%%"
}

@article{ALICE:2014mda,
      author         = "Abelev, Betty Bezverkhny and others",
      title          = "{Multiparticle azimuthal correlations in p -Pb and Pb-Pb
                        collisions at the CERN Large Hadron Collider}",
      collaboration  = "ALICE",
      journal        = "Phys. Rev.",
      volume         = "C90",
      year           = "2014",
      number         = "5",
      pages          = "054901",
      doi            = "10.1103/PhysRevC.90.054901",
      eprint         = "1406.2474",
      archivePrefix  = "arXiv",
      primaryClass   = "nucl-ex",
      reportNumber   = "CERN-PH-EP-2014-105",
      SLACcitation   = "%%CITATION = ARXIV:1406.2474;%%"
}

@article{CMS:2015oea,
      author         = "Khachatryan, Vardan and others",
      title          = "{Evidence for transverse momentum and pseudorapidity
                        dependent event plane fluctuations in PbPb and pPb
                        collisions}",
      collaboration  = "CMS",
      journal        = "Phys. Rev.",
      volume         = "C92",
      year           = "2015",
      number         = "3",
      pages          = "034911",
      doi            = "10.1103/PhysRevC.92.034911",
      eprint         = "1503.01692",
      archivePrefix  = "arXiv",
      primaryClass   = "nucl-ex",
      reportNumber   = "CMS-HIN-14-012, CERN-PH-EP-2015-039",
      SLACcitation   = "%%CITATION = ARXIV:1503.01692;%%"
}

@article{Back:2004mr,
      author         = "Back, B. B. and others",
      title          = "{Scaling of charged particle production in d + Au
                        collisions at s(NN)**(1/2) = 200-GeV}",
      collaboration  = "PHOBOS",
      journal        = "Phys. Rev.",
      volume         = "C72",
      year           = "2005",
      pages          = "031901",
      doi            = "10.1103/PhysRevC.72.031901",
      eprint         = "nucl-ex/0409021",
      archivePrefix  = "arXiv",
      primaryClass   = "nucl-ex",
      SLACcitation   = "%%CITATION = NUCL-EX/0409021;%%"
}

@article{vanderSchee:2015rta,
      author         = "van der Schee, Wilke and Schenke, Bjoern",
      title          = "{Rapidity dependence in holographic heavy ion
                        collisions}",
      journal        = "Phys. Rev.",
      volume         = "C92",
      year           = "2015",
      number         = "6",
      pages          = "064907",
      doi            = "10.1103/PhysRevC.92.064907",
      eprint         = "1507.08195",
      archivePrefix  = "arXiv",
      primaryClass   = "nucl-th",
      SLACcitation   = "%%CITATION = ARXIV:1507.08195;%%"
}

@article{Bozek:2009ty,
      author         = "Bozek, Piotr and Wyskiel, Iwona",
      title          = "{Rapid hydrodynamic expansion in relativistic heavy-ion
                        collisions}",
      journal        = "Phys. Rev.",
      volume         = "C79",
      year           = "2009",
      pages          = "044916",
      doi            = "10.1103/PhysRevC.79.044916",
      eprint         = "0902.4121",
      archivePrefix  = "arXiv",
      primaryClass   = "nucl-th",
      SLACcitation   = "%%CITATION = ARXIV:0902.4121;%%"
}

@inproceedings{Denicol:2015bnf,
      author         = "Denicol, Gabriel and Monnai, Akihiko and Ryu, Sangwook
                        and Schenke, Bjoern",
      title          = "{New insights from 3D simulations of heavy ion
                        collisions}",
      booktitle      = "{25th International Conference on Ultra-Relativistic
                        Nucleus-Nucleus Collisions (Quark Matter 2015) Kobe,
                        Japan, September 27-October 3, 2015}",
      url            = "http://inspirehep.net/record/1411485/files/arXiv:1512.08231.pdf",
      year           = "2015",
      eprint         = "1512.08231",
      archivePrefix  = "arXiv",
      primaryClass   = "nucl-th",
      SLACcitation   = "%%CITATION = ARXIV:1512.08231;%%"
}

@article{McLerran:2015lta,
      author         = "McLerran, Larry and Praszalowicz, Michal",
      title          = "{Fluctuations and the Participant Number Dependence of pA
                        Collisions}",
      year           = "2015",
      eprint         = "1507.05976",
      archivePrefix  = "arXiv",
      primaryClass   = "hep-ph",
      SLACcitation   = "%%CITATION = ARXIV:1507.05976;%%"
}

@article{Bzdak:2013zma,
      author         = "Bzdak, Adam and Schenke, Bjoern and Tribedy, Prithwish
                        and Venugopalan, Raju",
      title          = "{Initial state geometry and the role of hydrodynamics in
                        proton-proton, proton-nucleus and deuteron-nucleus
                        collisions}",
      journal        = "Phys. Rev.",
      volume         = "C87",
      year           = "2013",
      number         = "6",
      pages          = "064906",
      doi            = "10.1103/PhysRevC.87.064906",
      eprint         = "1304.3403",
      archivePrefix  = "arXiv",
      primaryClass   = "nucl-th",
      SLACcitation   = "%%CITATION = ARXIV:1304.3403;%%"
}

@article{Bilandzic:2010jr,
      author         = "Bilandzic, Ante and Snellings, Raimond and Voloshin,
                        Sergei",
      title          = "{Flow analysis with cumulants: Direct calculations}",
      journal        = "Phys. Rev.",
      volume         = "C83",
      year           = "2011",
      pages          = "044913",
      doi            = "10.1103/PhysRevC.83.044913",
      eprint         = "1010.0233",
      archivePrefix  = "arXiv",
      primaryClass   = "nucl-ex",
      SLACcitation   = "%%CITATION = ARXIV:1010.0233;%%"
}

@inproceedings{Loizides:2016tew,
      author         = "Loizides, Constantin",
      title          = "{Experimental overview on small collision systems at the
                        LHC}",
      booktitle      = "{25th International Conference on Ultra-Relativistic
                        Nucleus-Nucleus Collisions (Quark Matter 2015) Kobe,
                        Japan, September 27-October 3, 2015}",
      url            = "http://inspirehep.net/record/1424892/files/arXiv:1602.09138.pdf",
      year           = "2016",
      eprint         = "1602.09138",
      archivePrefix  = "arXiv",
      primaryClass   = "nucl-ex",
      SLACcitation   = "%%CITATION = ARXIV:1602.09138;%%"
}

@article{Wesolowski:2015fqa,
      author         = "Wesolowski, S. and Klco, N. and Furnstahl, R. J. and
                        Phillips, D. R. and Thapaliya, A.",
      title          = "{Bayesian parameter estimation for effective field
                        theories}",
      year           = "2015",
      eprint         = "1511.03618",
      archivePrefix  = "arXiv",
      primaryClass   = "nucl-th",
      SLACcitation   = "%%CITATION = ARXIV:1511.03618;%%"
}

@article{Karpenko:2013wva,
      author         = "Karpenko, Iu. and Huovinen, P. and Bleicher, M.",
      title          = "{A 3+1 dimensional viscous hydrodynamic code for
                        relativistic heavy ion collisions}",
      journal        = "Comput. Phys. Commun.",
      volume         = "185",
      year           = "2014",
      pages          = "3016-3027",
      doi            = "10.1016/j.cpc.2014.07.010",
      eprint         = "1312.4160",
      archivePrefix  = "arXiv",
      primaryClass   = "nucl-th",
      SLACcitation   = "%%CITATION = ARXIV:1312.4160;%%"
}

@article{Heinz:2013th,
      author         = "Heinz, Ulrich and Snellings, Raimond",
      title          = "{Collective flow and viscosity in relativistic heavy-ion
                        collisions}",
      journal        = "Ann. Rev. Nucl. Part. Sci.",
      volume         = "63",
      year           = "2013",
      pages          = "123-151",
      doi            = "10.1146/annurev-nucl-102212-170540",
      eprint         = "1301.2826",
      archivePrefix  = "arXiv",
      primaryClass   = "nucl-th",
      SLACcitation   = "%%CITATION = ARXIV:1301.2826;%%"
}

@article{Aad:2015zza,
      author         = "Aad, Georges and others",
      title          = "{Measurement of the centrality dependence of the
                        charged-particle pseudorapidity distribution in
                        proton--lead collisions at $\sqrt{s_{_{\rm{NN}}}} = 5.02$
                        TeV with the ATLAS detector}",
      collaboration  = "ATLAS",
      year           = "2015",
      eprint         = "1508.00848",
      archivePrefix  = "arXiv",
      primaryClass   = "hep-ex",
      reportNumber   = "CERN-PH-EP-2015-160",
      SLACcitation   = "%%CITATION = ARXIV:1508.00848;%%"
}

@article{Bazow:2016yra,
      author         = "Bazow, Dennis and Heinz, Ulrich W. and Strickland,
                        Michael",
      title          = "{Massively parallel simulations of relativistic fluid
                        dynamics on graphics processing units with CUDA}",
      year           = "2016",
      eprint         = "1608.06577",
      archivePrefix  = "arXiv",
      primaryClass   = "physics.comp-ph",
      SLACcitation   = "%%CITATION = ARXIV:1608.06577;%%"
}

@article{Bernhard:2015hxa,
      author         = "Bernhard, Jonah E. and Marcy, Peter W. and Coleman-Smith,
                        Christopher E. and Huzurbazar, Snehalata and Wolpert,
                        Robert L. and Bass, Steffen A.",
      title          = "{Quantifying properties of hot and dense QCD matter
                        through systematic model-to-data comparison}",
      journal        = "Phys. Rev.",
      volume         = "C91",
      year           = "2015",
      number         = "5",
      pages          = "054910",
      doi            = "10.1103/PhysRevC.91.054910",
      eprint         = "1502.00339",
      archivePrefix  = "arXiv",
      primaryClass   = "nucl-th",
      SLACcitation   = "%%CITATION = ARXIV:1502.00339;%%"
}

@article{Pordes:2007zzb,
      author         = "Pordes, Ruth and Kramer, Bill and Olson, Doug and Livny,
                        Miron and Roy, Alain and others",
      title          = "{The Open Science Grid}",
      journal        = "J.Phys.Conf.Ser.",
      volume         = "78",
      pages          = "012057",
      doi            = "10.1088/1742-6596/78/1/012057",
      year           = "2007",
      reportNumber   = "FERMILAB-CONF-07-217-CD",
      SLACcitation   = "%%CITATION = 00462,78,012057;%%",
}

@article{Sfiligoi:2010zz,
      author         = "Sfiligoi, Igor and Bradley, Daniel C. and Holzman, Burt
                        and Mhashilkar, Parag and Padhi, Sanjay and others",
      title          = "{The pilot way to Grid resources using glideinWMS}",
      journal        = "WRI World Congress",
      volume         = "2",
      pages          = "428-432",
      doi            = "10.1109/CSIE.2009.950",
      year           = "2009",
      reportNumber   = "FERMILAB-CONF-09-373-CD",
      SLACcitation   = "%%CITATION = FERMILAB-CONF-09-373-CD ETC.;%%",
}

@article{Shen:2014vra,
      author         = "Shen, Chun and Qiu, Zhi and Song, Huichao and Bernhard,
                        Jonah and Bass, Steffen and Heinz, Ulrich",
      title          = "{The iEBE-VISHNU code package for relativistic heavy-ion
                        collisions}",
      journal        = "Comput. Phys. Commun.",
      volume         = "199",
      year           = "2016",
      pages          = "61-85",
      doi            = "10.1016/j.cpc.2015.08.039",
      eprint         = "1409.8164",
      archivePrefix  = "arXiv",
      primaryClass   = "nucl-th",
      SLACcitation   = "%%CITATION = ARXIV:1409.8164;%%"
}

@article{Bass:1998ca,
      author         = "Bass, S. A. and others",
      title          = "{Microscopic models for ultrarelativistic heavy ion
                        collisions}",
      journal        = "Prog. Part. Nucl. Phys.",
      volume         = "41",
      year           = "1998",
      pages          = "255-369",
      doi            = "10.1016/S0146-6410(98)00058-1",
      note           = "[Prog. Part. Nucl. Phys.41,225(1998)]",
      eprint         = "nucl-th/9803035",
      archivePrefix  = "arXiv",
      primaryClass   = "nucl-th",
      SLACcitation   = "%%CITATION = NUCL-TH/9803035;%%"
}

@article{Bleicher:1999xi,
      author         = "Bleicher, M. and others",
      title          = "{Relativistic hadron hadron collisions in the
                        ultrarelativistic quantum molecular dynamics model}",
      journal        = "J. Phys.",
      volume         = "G25",
      year           = "1999",
      pages          = "1859-1896",
      doi            = "10.1088/0954-3899/25/9/308",
      eprint         = "hep-ph/9909407",
      archivePrefix  = "arXiv",
      primaryClass   = "hep-ph",
      SLACcitation   = "%%CITATION = HEP-PH/9909407;%%"
}

@article{Bazavov:2014pvz,
      author         = "Bazavov, A. and others",
      title          = "{Equation of state in ( 2+1 )-flavor QCD}",
      collaboration  = "HotQCD",
      journal        = "Phys. Rev.",
      volume         = "D90",
      year           = "2014",
      pages          = "094503",
      doi            = "10.1103/PhysRevD.90.094503",
      eprint         = "1407.6387",
      archivePrefix  = "arXiv",
      primaryClass   = "hep-lat",
      reportNumber   = "BNL-105928-2014-JA",
      SLACcitation   = "%%CITATION = ARXIV:1407.6387;%%"
}

@article{Adam:2015ptt,
      author         = "Adam, Jaroslav and others",
      title          = "{Centrality dependence of the charged-particle
                        multiplicity density at midrapidity in Pb-Pb collisions at
                        $\sqrt{s_{\rm NN}}$ = 5.02 TeV}",
      collaboration  = "ALICE",
      journal        = "Phys. Rev. Lett.",
      volume         = "116",
      year           = "2016",
      number         = "22",
      pages          = "222302",
      doi            = "10.1103/PhysRevLett.116.222302",
      eprint         = "1512.06104",
      archivePrefix  = "arXiv",
      primaryClass   = "nucl-ex",
      reportNumber   = "CERN-PH-EP-2015-324, ALICE-PUBLIC-2015-008",
      SLACcitation   = "%%CITATION = ARXIV:1512.06104;%%"
}

@article{ATLAS:2015kla,
      author         = "The ATLAS collaboration",
      title          = "{Measurement of two-particle pseudorapidity correlations
                        in lead-lead collisions at $\sqrt{s_{NN}}$ = 2.76 TeV with
                        the ATLAS detector}",
      collaboration  = "ATLAS",
      year           = "2015",
      reportNumber   = "ATLAS-CONF-2015-020",
      SLACcitation   = "%%CITATION = ATLAS-CONF-2015-020;%%"
}
